<record xmlns="http://www.loc.gov/MARC21/slim" xmlns:xsi="http://www.w3.org/2001/XMLSchema-instance" xsi:schemaLocation="http://www.loc.gov/MARC21/slim http://www.loc.gov/standards/marcxml/schema/MARC21slim.xsd"><leader>01695nam a2200361   4500</leader><controlfield tag="001">001683548</controlfield><controlfield tag="003">NNU</controlfield><controlfield tag="006">m        d        </controlfield><controlfield tag="007">cr cn |||m|||a</controlfield><controlfield tag="008">150223s1948    ua      ob    000 0 ara d</controlfield><datafield ind1=" " ind2=" " tag="040"><subfield code="a">NNU</subfield><subfield code="b">eng</subfield><subfield code="c">NNU</subfield></datafield><datafield ind1=" " ind2="4" tag="050"><subfield code="a">PJ 6696</subfield><subfield code="b">.Z8 M68 1948</subfield></datafield><datafield ind1=" " ind2=" " tag="066"><subfield code="c">(3</subfield></datafield><datafield ind1=" " ind2=" " tag="090"><subfield code="a">BP133</subfield><subfield code="b">.A3 1948</subfield></datafield><datafield ind1="1" ind2=" " tag="100"><subfield code="6">880-01</subfield><subfield code="a">Mi&#7779;r&#299;, &#699;Abd al-Ra&#700;&#363;f.</subfield></datafield><datafield ind1="1" ind2="0" tag="245"><subfield code="6">880-02</subfield><subfield code="a">Mu&#699;jam al-Qur&#700;&#257;n</subfield><subfield code="h">[electronic resource] :</subfield><subfield code="b">wa-huwa q&#257;m&#363;s mufrad&#257;t al-qur&#700;&#257;n wa-ghar&#299;bih /</subfield><subfield code="c">allafahu wa-&#699;allaqa &#699;alayh &#699;Abd al-Ra&#700;&#363;f al-Mi&#7779;&#299; "Ab&#363; Rizq"</subfield></datafield><datafield ind1=" " ind2=" " tag="250"><subfield code="6">880-03</subfield><subfield code="a">al-&#7788;ab&#699;ah 2.</subfield></datafield><datafield ind1=" " ind2=" " tag="260"><subfield code="6">880-04</subfield><subfield code="a">al-Q&#257;hirah :</subfield><subfield code="b">Ma&#7789;ba&#699;at &#7716;ij&#257;z&#299;,</subfield><subfield code="c">1948-</subfield></datafield><datafield ind1=" " ind2=" " tag="300"><subfield code="a">online resource (2 v.)</subfield></datafield><datafield ind1=" " ind2=" " tag="500"><subfield code="a">Part of the Arabic Collections Online (ACO) project, contributed by New York Univeristy Libraries.</subfield></datafield><datafield ind1=" " ind2=" " tag="504"><subfield code="a">Includes bibliographical refrences.</subfield></datafield><datafield ind1=" " ind2=" " tag="533"><subfield code="a">Electronic reproduction.</subfield><subfield code="b">New York, N.Y. :</subfield><subfield code="c">New York University,</subfield><subfield code="d">2015.</subfield><subfield code="5">NNU</subfield></datafield><datafield ind1="0" ind2="0" tag="630"><subfield code="a">Koran</subfield><subfield code="v">Dictionaries.</subfield></datafield><datafield ind1="2" ind2=" " tag="710"><subfield code="a">New York University.</subfield><subfield code="b">Libraries.</subfield></datafield><datafield ind1="0" ind2=" " tag="730"><subfield code="a">Arabic Collections Online.</subfield></datafield><datafield ind1="0" ind2="8" tag="776"><subfield code="i">Print version:</subfield><subfield code="a">Mi&#7779;r&#299;, &#699;Abd al-Ra&#700;&#363;f.</subfield><subfield code="t">Mu&#699;jam al-Qur&#700;&#257;n</subfield><subfield code="w">(NNU)001683548</subfield></datafield><datafield ind1="4" ind2="0" tag="856"><subfield code="u">http://hdl.handle.net/2333.1/zcrjdj0k</subfield></datafield><datafield ind1="1" ind2=" " tag="880"><subfield code="6">100-01/</subfield><subfield code="a">&#1605;&#1589;&#1585;&#1610;&#1548; &#1593;&#1576;&#1583; &#1575;&#1604;&#1585;&#1572;&#1608;&#1601;.</subfield></datafield><datafield ind1="1" ind2="0" tag="880"><subfield code="6">245-02/</subfield><subfield code="a">&#1605;&#1593;&#1580;&#1605; &#1575;&#1604;&#1602;&#1585;&#1570;&#1606; :</subfield><subfield code="b">&#1608;&#1607;&#1608; &#1602;&#1575;&#1605;&#1608;&#1587; &#1605;&#1601;&#1585;&#1583;&#1575;&#1578; &#1575;&#1604;&#1602;&#1585;&#1570;&#1606; &#1608;&#1594;&#1585;&#1610;&#1576;&#1607; /</subfield><subfield code="c">&#1575;&#1604;&#1601;&#1607; &#1608;&#1593;&#1604;&#1602; &#1593;&#1604;&#1610;&#1607; &#1593;&#1576;&#1583; &#1575;&#1604;&#1585;&#1572;&#1608;&#1601; &#1575;&#1604;&#1605;&#1589;&#1585;&#1610; "&#1571;&#1576;&#1608; &#1585;&#1586;&#1602;"</subfield></datafield><datafield ind1=" " ind2=" " tag="880"><subfield code="6">250-03/</subfield><subfield code="a">&#1575;&#1604;&#1591;&#1576;&#1593;&#1577; 2.</subfield></datafield><datafield ind1=" " ind2=" " tag="880"><subfield code="6">260-04/</subfield><subfield code="a">&#1575;&#1604;&#1602;&#1575;&#1607;&#1585;&#1577; :</subfield><subfield code="b">&#1605;&#1591;&#1576;&#1593;&#1577; &#1581;&#1580;&#1575;&#1586;&#1610;&#1548;</subfield><subfield code="c">1948-</subfield></datafield><datafield ind1=" " ind2=" " tag="959"><subfield code="a">NNU</subfield><subfield code="b">WEB</subfield><subfield code="c">GENI</subfield><subfield code="t">0</subfield><subfield code="m">Electronic access</subfield><subfield code="s">01</subfield></datafield><datafield ind1=" " ind2=" " tag="999"><subfield code="i">NNU_001683548</subfield><subfield code="s">nyu_aco000168:v.1/2</subfield></datafield></record>